@article{van2000domain,
  title={Domain-specific languages: An annotated bibliography},
  author={Van Deursen, Arie and Klint, Paul and Visser, Joost},
  journal={ACM Sigplan Notices},
  volume={35},
  number={6},
  pages={26--36},
  year={2000},
  publisher={ACM}
}

@inproceedings{peyton2000composing,
  title={Composing contracts: an adventure in financial engineering (functional pearl)},
  author={Peyton Jones, Simon and Eber, Jean-Marc and Seward, Julian},
  booktitle={ACM SIGPLAN Notices},
  volume={35},
  number={9},
  pages={280--292},
  year={2000},
  organization={ACM}
}

@Misc{dsl,
  author = {JetBrains},
  title = {{MPS} Domain-Specific Languages},
  year = 2016,
  howpublished = {\url{https://www.jetbrains.com/mps/concepts/domain-specific-languages/}},
  note = {Accessed: 2019-11-16}
}

@article{andersen2006compositional,
  title={Compositional specification of commercial contracts},
  author={Andersen, Jesper and Elsborg, Ebbe and Henglein, Fritz and Simonsen, Jakob Grue and Stefansen, Christian},
  journal={International Journal on Software Tools for Technology Transfer},
  volume={8},
  number={6},
  pages={485--516},
  year={2006},
  publisher={Springer}
}

@techreport{fink1994towards,
  title={Towards a property-based testing environment with applications to security-critical software},
  author={Fink, George and Ko, Calvin and Archer, Myla and Levitt, Karl},
  year={1994},
  institution={CALIFORNIA UNIV DAVIS DEPT OF COMPUTER SCIENCE}
}
